@inproceedings{panelrama2014,
  title={Panelrama: enabling easy specification of cross-device web applications},
  author={Yang, Jishuo and Wigdor, Daniel},
  booktitle={Proceedings of the SIGCHI Conference on Human Factors in Computing Systems},
  pages={2783--2792},
  year={2014},
  organization={ACM}
}

@inproceedings{connichiwa2015,
  title={Connichiwa: A Framework for Cross-Device Web Applications},
  author={Schreiner, Mario and R{\"a}dle, Roman and Jetter, Hans-Christian and Reiterer, Harald},
  booktitle={Proceedings of the 33rd Annual ACM Conference Extended Abstracts on Human Factors in Computing Systems},
  pages={2163--2168},
  year={2015},
  organization={ACM}
}

@incollection{direwolf2013,
  title={Direwolf-distributing and migrating user interfaces for widget-based web applications},
  author={Kovachev, Dejan and Renzel, Dominik and Nicolaescu, Petru and Klamma, Ralf},
  booktitle={Web engineering},
  pages={99--113},
  year={2013},
  publisher={Springer}
}

@inproceedings{xdstudio2014,
  title={Interactive development of cross-device user interfaces},
  author={Nebeling, Michael and Mintsi, Theano and Husmann, Maria and Norrie, Moira},
  booktitle={Proceedings of the SIGCHI Conference on Human Factors in Computing Systems},
  pages={2793--2802},
  year={2014},
  organization={ACM}
}

@inproceedings{polychrome2014,
  title={PolyChrome: A Cross-Device Framework for Collaborative Web Visualization},
  author={Badam, Sriram Karthik and Elmqvist, Niklas},
  booktitle={Proceedings of the Ninth ACM International Conference on Interactive Tabletops and Surfaces},
  pages={109--118},
  year={2014},
  organization={ACM}
}

@article{xdsession2015,
  title={XDSession: integrated development and testing of cross-device applications},
  author={Nebeling, Michael and Husmann, Maria and Zimmerli, Christoph and Valente, Giulio and Norrie, Moira C},
  journal={Proc. EICS},
  year={2015}
}

@inproceedings{watchconnect2015,
  title={WATCHCONNECT: A Toolkit for Prototyping Smartwatch-Centric Cross-Device Applications},
  author={Houben, Steven and Marquardt, Nicolai},
  booktitle={Proceedings of the 33rd Annual ACM Conference on Human Factors in Computing Systems},
  pages={1247--1256},
  year={2015},
  organization={ACM}
}

@inproceedings{weave2015,
  title={Weave: Scripting Cross-Device Wearable Interaction},
  author={Chi, Pei-Yu Peggy and Li, Yang},
  booktitle={Proceedings of the 33rd Annual ACM Conference on Human Factors in Computing Systems},
  pages={3923--3932},
  year={2015},
  organization={ACM}
}